@ELECTRONIC{bib:MVCvsMVP,
  author = {{gwt-mvc}},
  year = {2010},
  title = {{gwt-mvc: MVC layer built on top of GWT}},
  howpublished = {{\url{http://code.google.com/p/gwt-mvc/wiki/MVCvsMVP}}},
  publisher = {{gwt-mvc}},
  note = {Letzter Aufruf: 06.03.2014},
  owner = {Claudia},
  quality = {1},
  timestamp = {06.03.2014}
}
@ELECTRONIC{bib:GWTStarted,
  author = {{Google}},
  year = {2010},
  title = {{Overview}},
  howpublished = {{\url{http://www.gwtproject.org/overview.html}}},
  publisher = {{Google Developer Relations}},
  note = {Letzter Aufruf: 07.03.2014},
  owner = {Claudia},
  quality = {1},
  timestamp = {07.03.2014}
}
@ELECTRONIC{bib:MVP1,
  author = {Chandel, Sumit},
  year = {2009},
  title = {{Testing}},
  howpublished = {{\url{http://www.gwtproject.org/articles/testing_methodologies_using_gwt.html}}},
  publisher = {Google Developer Relations},
  note = {Letzter Aufruf: 06.03.2014},
  owner = {Claudia},
  quality = {1},
  timestamp = {06.03.2014}
}
@ELECTRONIC{bib:MVP2,
  author = {Ramsdale, Chris},
  year = {2010},
  title = {{MVP Part1}},
  howpublished = {{\url{http://www.gwtproject.org/articles/mvp-architecture.html}}},
  publisher = {Google Developer Relations},
  note = {Letzter Aufruf: 06.03.2014},
  owner = {Claudia},
  quality = {1},
  timestamp = {06.03.2014}
}
@ELECTRONIC{bib:uiBind,
  author = {Google},
  year = {2010},
  title = {{Ui Binder}},
  howpublished = {{\url{http://www.gwtproject.org/doc/latest/DevGuideUiBinder.html}}},
  publisher = {Google Developer Relations},
  note = {Letzter Aufruf: 07.03.2014},
  owner = {Claudia},
  quality = {1},
  timestamp = {07.03.2014}
}
@ELECTRONIC{bib:MDA3,
  author = {Google},
  year = {2013},
  title = {{MDA}},
  howpublished = {{\url{http://www.itwissen.info/definition/lexikon/modell-driven-architecture-MDA.html}}},
  publisher = {Google Developer Relations},
  note = {Letzter Aufruf: 07.03.2014},
  owner = {Stephanie},
  quality = {1},
  timestamp = {07.03.2014}
}
@BOOK{bib:GWTinAction,
  title = {GWT in Action: Easy Ajax with the Google Web Toolkit},
  publisher = {Manning Publications Co.},
  year = {2007},
  author = {Hanson, Robert and Tacy, Adam},
  owner = {Claudia},
  quality = {1},
  address = {Greenwich, CT, USA},
  timestamp = {07.03.2014}
}
@BOOK{bib:GWToReilly,
  title = {Das Google Web Toolkit: GWT},
  publisher = {{O'Reilly Verlag GmbH \& Co. KG}},
  year = {2008},
  author = {Seemann, Michael},
  owner = {Claudia},
  note = {Auflage 1},
  quality = {1},
  address = {Köln, Germany},
  timestamp = {07.03.2014}
}
@BOOK{bib:MDA1,
  title = {Komponentenbasierte Softwarentwicklung: mit MDA,UML2 und XML},
  publisher = {{Carl Hanser Verlag München Wien}},
  year = {2004},
  author = {Andresen, Andreas},
  owner = {Stephanie},
  note = {Auflage 2},
  quality = {1},
  address = {München, Germany},
  timestamp = {07.03.2014}
}
@BOOK{bib:MDA2,
  title = {Modellgetriebene Softwarentwicklung: Techniken, Engineering, Management},
  publisher = {{dpunkt.Verlag GmbH}},
  year = {2007},
  author = {Efftinge, Sven and Haase, Arno and Stahl, Thomas and Völter,  Markus},
  owner = {Stephanie},
  note = {Auflage 2},
  quality = {1},
  address = {Heidelberg, Germany},
  timestamp = {07.03.2014}



